
%%  STACS  
@STRING{stacs90 = "Proceedings of the Seventh Annual Symposium on
                  Theoretical Aspects of Computer Science"}
@STRING{stacs91 = "Proceedings of 8th Symposium on Theoretical Aspects of
                Computer Science STACS `91, Hamburg 1991"}
@STRING{stacs99 = "Proceedings of the Sixteenth Annual Symposium on
                  Theoretical Aspects of Computer Science"}
@STRING{stacs04 = "Proceedings of the $21^st$ Annual Symposium on
                  Theoretical Aspects of Computer Science"}


%% STOC
@STRING{stoc71 = "Proceedings of the Third Annual ACM Symposium on Theory
                  of Computing"}

@STRING{stoc75 = "Proceedings of the Seventh Annual ACM Symposium on Theory
                  of Computing"}
@STRING{stoc78 = "Proceedings of the Tenth Annual ACM Symposium on Theory
                  of Computing"}
@STRING{stoc82 = "Proceedings of the Fourteenth Annual ACM Symposium on Theory
                  of Computing"}
@STRING{stoc08 = "Proceedings of the Fortieth Annual ACM Symposium on Theory
		  of Computing"} 	   


%% Complexity
@STRING{complexity86 = "Proceedings of the  Conference on
	Structure in Complexity Theory"}

@STRING{complexity87 = "Proceedings of the Second Annual Conference on
	Structure in Complexity Theory"}

@STRING{complexity88 = "Proceedings of the Third Annual Conference on
	Structure in Complexity Theory"}
		  
		  
%% LICS
@STRING{lics91 = "Proceedings of the Sixth IEEE conference on Logic in 
	Computer Science"}
@STRING{lics01 = "Proceedings of the Sixteens annual IEEE symposium on Logic in
	Computer Science"}
@STRING{lics04 = "Proceedings of the Nineteens annual IEEE symposium on Logic in
	Computer Science"}
@STRING{lics05 = "Proceedings of the Twentieth annual IEEE symposium on Logic in
	Computer Science"}

%% ECCC
@STRING{eccc = "Electronic Colloquium on Computational Complexity"}
		  
%% Lecture Notes in Computer Science
@STRING{lncs = "Lecture Notes in Computer Science"}
                  
%% Springer Verlag
@STRING{springer = "Springer Verlag"}

%%  Cambridge University Press
@STRING{cambridge= "Cambridge University Press"}

%% IEEE computer society press 
@STRING{ieee = "IEEE Computer Society Press"}		  
		
%%  Journals  
@STRING{apal = "Annals of Pure and Applied Logic"}
@STRING{alg = "Algorithmica"}
@STRING{comb = "Combinatorica"}
@STRING{compcompl = "Computational Complexity"}
@STRING{compl = "Complexity"}
@STRING{ens = "L'Enseignement Math\'{e}matique"}
@STRING{ipl = "Information Processing Letters"}
@STRING{infcomp = "Information and Computation"}
@STRING{infcontrol = "Information and Control"}
@STRING{jacm = "Journal of the Association for Computing Machinery"}
@STRING{jcss = "Journal of Computer and System Sciences"}
@STRING{jsl = "Journal of Symbolic Logic"}
@STRING{sicomp = "SIAM Journal on Computing"}
@STRING{tcs = "Theoretical Computer Science"}
@STRING{jcomp = "Journal of Complexity"}
@STRING{dan = "Doklady Akademii Nauk SSSR"}
@STRING{rsa = "Random Structures and Algorithms"}
@STRING{jams = "Journal of the American Mathematical Society"}

%%----------------------------------------------------------------

%% PLANNING AS SAT



% Kautz & Selman: Satplan, Blackbox

% Vossen et al: Cplex, integer programming 


%%----------------------------------------------------------------

%% Bounded treewidth of primal graphs 

@inproceedings{Wat11,
  title={Lift-and-Project Integrality Gaps for the Traveling Salesperson Problem.},
  author={Watson, Thomas},
  booktitle={Electronic Colloquium on Computational Complexity (ECCC)},
  volume={18},
  pages={97},
  year={2011},
  organization={Citeseer}
}

@techreport{christofides,
  title={Worst-Case Analysis of a New Heuristic for the Travelling Salesman Problem.},
  author={Christofides, Nicos},
  year={1976},
  institution={DTIC Document}
}

@article{Fre85,
  title={A sufficient condition for backtrack-bounded search},
  author={Freuder, Eugene C},
  journal={Journal of the ACM (JACM)},
  volume={32},
  number={4},
  pages={755--761},
  year={1985},
  publisher={ACM}
}

%% Another bounded treewidth for SAT 

@article{DP89,
  title={Tree clustering for constraint networks},
  author={Dechter, Rina and Pearl, Judea},
  journal={Artificial Intelligence},
  volume={38},
  number={3},
  pages={353--366},
  year={1989},
  publisher={Elsevier}
}

%% Backdoors -- first paper 

@article{WGS03,
  title={Backdoors to typical case complexity},
  author={Williams, Ryan and Gomes, Carla P and Selman, Bart},
  journal={INTERNATIONAL JOINT CONFERENCE ON ARTIFICIAL INTELLIGENCE},
  volume={18},
  pages={1173--1178},
  year={2003}
}


%% Maria's powerlaw 

@inproceedings{ABL09,
  author    = {Carlos Ans{\'o}tegui and
               Maria Luisa Bonet and
               Jordi Levy},
  title     = {On the Structure of Industrial SAT Instances},
  booktitle = {CP},
  year      = {2009},
  pages     = {127-141}
  }

%% Original LP encoding of (A)TSP. 

@Article{MTZ60,
  author =       "C. E. Miller and A. W. Tucker and R. A. Zemlin",
  title =        "Integer Programming Formulations of traveling Salesman
                 Problems",
  journal =      JACM,
  volume =       "7",
  pages =        "326--329",
  year =         "1960",
  keywords =     "Traveling salesman: Formulation",
}


%% The main AUV mission planning paper from SEA (UK). 

@inproceedings{auv-plan-sea,
author={Woodrow, I. and  Purry, C.and  Mawby, A. and  Goodwin, J.},
title={Autonomous AUV Mission Planning and Replanning - Towards True Autonomy},
booktitle={14th International Symposium on Unmanned Untethered Submersible Technology, Durham, NH}, 
year = 2005
}

%% Simulation of glider movement paper from Bachmayer's group/NRC 


@inproceedings{uust09,
title={Simulations of an iterative mission planning procedure for flying gliders into strong ocean currents}, 
author= {He, M. and   Williams, C. D. and  Bachmayer, R.}, 
booktitle={ 16th International Symposium on Unmanned Untethered Submersible Technology (UUST'09)},
year=2009,
}

%%----------------------------------------------------------------

%% Handbook of satisfiability 

@book{sat-handbook,
    Editor = {Biere, Armin and Heule, Marijn J. H. and van Maaren, Hans and Walsh, Toby},
    Title = {Handbook of Satisfiability},
    Publisher = {IOS Press},
    Year = {2009},
    Month = {February},
    Series = {Frontiers in Artificial Intelligence and Applications},
    Volume = {185},
    Pages = {980}
}
 %%   ISBN = {978-1-58603-929-5},
%%    ISSN = {0922-6389},


%% UBCSAT 

@inproceedings {ubcsat,
  author =        "Dave A. D. Tompkins and Holger H. Hoos",
  title =         "{UBCSAT}: An Implementation and Experimentation Environment for {SLS} Algorithms for {SAT} and {MAX-SAT}",
  booktitle =     "Revised Selected Papers from the Seventh International Conference on Theory and Applications of Satisfiability Testing ({SAT 2004})",
  pages =         "306--320",
  year =          "2005",
  editor =        "Holger Hoos and David Mitchell",
  series =        "Lecture Notes in Computer Science",
  volume =        "3542",
  publisher =     "Springer Berlin / Heidelberg",
}

%% SMT solvers course notes webpage

@misc{smt-course-bruttomesso,
author={Bruttomesso, Roberto}, 
title={Satisfiability Modulo Theories}, 
note={Seminar for the course Logica II (Prof. Silvio Ghilardi)},
howpublished={\url{http://www.oprover.org/roberto/teaching/smt/}},
}

%% A pseudo-Boolean constraint solver + linear programming routine 

@article{hysat-paper,
   author = {Fr\"{a}nzle, Martin and Herde, Christian},
   title = {{HySAT: An efficient proof engine for bounded model checking of hybrid systems}},
   journal = {Formal Methods in System Design},
   publisher = {Springer Netherlands},
   pages = {179-198},
   volume = {30},
   issue = {3},
   year = {2007}
}

%% survey on TSPs 

@incollection{mitchell-survey,
  author = {Mitchell, Joseph S. B.},
  booktitle = {Handbook Of Computational Geometry},
  editor = {Sack, J.R. and Urrutia, J.},
  title = {Geometric Shortest Paths and Network Optimization},
  publisher = {Elsevier Science Publishers B.V. North-Holland},
  year = 1998,
  pages = {633-701},
}

%% Concorde solver webpage

@misc{Concorde,
title ={{Concorde TSP solver}},
author = {Cook, William}, 
howpublished={\url{http://www.tsp.gatech.edu/concorde/index.html}}, 
}

%% TSP with neighbourhoods robot planning 

@article{robot-routing07,
author = {Bo Yuan and Maria Orlowska and Shazia Sadiq},
title = {On the Optimal Robot Routing Problem in Wireless Sensor Networks},
journal ={IEEE Transactions on Knowledge and Data Engineering},
volume = {19},
year = {2007},
pages = {1252-1261},
publisher = {IEEE Computer Society},
}




%%----------------------------------------------------------------


@article{CK07,
  author    = {S. Cook and J. Krajicek},
  title     = {Consequences of the provability of $NP \subseteq P/poly$},
  journal   = {Journal of Symbolic Logic},
  volume    = {72},
  number    = {4},
  year      = {2007},
  pages     = {1353-1371}
}

                  @INPROCEEDINGS{Coo71,
                  AUTHOR = "S.A. Cook",
                  TITLE = "The complexity of theorem-proving procedures",
                  BOOKTITLE = stoc71,
                  PAGES = "151--158",             
                  YEAR = "1971"}
                  


@InProceedings{AW08,
  author =       "S. Aaronson and A. Wigderson",
  title =        "Algebrization: {A} new barrier in complexity theory",
  pages =       "731--740",
  booktitle =    stoc08,
  year =         "2008"
}

@article{Kur07,
  author    = {Satoru Kuroda},
  title     = {{Generalized quantifier and a bounded arithmetic theory for
               LOGCFL}},
  journal   = {Arch. Math. Log.},
  volume    = {46},
  number    = {5-6},
  year      = {2007},
  pages     = {489-516}
} 
%,
%  ee        = {http://dx.doi.org/10.1007/s00153-007-0052-4},
%  bibsource = {DBLP, http://dblp.uni-trier.de}




@book{CN-book,
Author = "Stephen Cook and Phuong Nguyen",
Title = "Logical Foundations of Proof Complexity",
publisher = cambridge,
series = "Perspectives in Logic of the Association for Symbolic Logic",
year = "2008"}


@inproceedings{PY88,
 author = {Christos Papadimitriou and Mihalis Yannakakis},
 title = {Optimization, approximation, and complexity classes},
 booktitle = {STOC '88: Proceedings of the twentieth annual ACM symposium on Theory of computing},
 year = {1988},
 pages = {229--234}
 }
% isbn = {0-89791-264-0},
% location = {Chicago, Illinois, United States},
% doi = {http://doi.acm.org/10.1145/62212.62233},
% publisher = {ACM},
% address = {New York, NY, USA},



@article{FV99,
    author = "Tom{\'a}s Feder and Moshe Y. Vardi",
    title = "The Computational Structure of Monotone Monadic {SNP} and Constraint Satisfaction: {A} Study through Datalog and Group Theory",
    journal = "SIAM Journal on Computing",
    volume = "28",
    number = "1",
    pages = "57--104",
    year = "1999"}

@unpublished{AIV92,
    author="S. Arora and R. Impagliazzo and U. Vazirani",
    title="Relativizing versus Nonrelativizing techniques: {T}he role
    of local checkability. ",
    note="Manuscript",
    year="1992"}

		  @ARTICLE{BGS75,
		  AUTHOR = "T. Baker and J. Gill and R. Solovay",
		  TITLE = "Relativizations of the {P=?NP} question",
		  JOURNAL = sicomp,
		  VOLUME = "4",
		  NUMBER = "4",
		  PAGES = "431--442",
		  YEAR = "1975"}
		  

		  @BOOK{AB-book,
		  AUTHOR = "S. Arora and B. Barak",
		  TITLE = "Complexity theory: a modern approach",
		  PUBLISHER = "Cambridge University Press",
		  ADDRESS = "New York",
		  YEAR = "2009"}



@ARTICLE{RR97,
AUTHOR = "A.A. Razborov and S. Rudich",
TITLE = "Natural proofs",
JOURNAL = jcss,
VOLUME = "55",
PAGES = "24--35",
YEAR = "1997"}



@article{Ajt83,
Author = "M. Ajtai", 
title = {{$\Sigma_1^1$-Formulae on finite structures}}, 
journal = apal,
volume = "24",
number = "1",
year = "1983",
pages ="1--48"}



@article{Jer04,
author = "E. Je{\v r}{\'a}bek",
title="Dual weak pigeonhole principle, Boolean complexity, and derandomization",
journal = apal, 
volume = 129,
year =2004,
pages = "1 -- 37"}


@Article{Jer07, 
author = "E. Je{\v r}{\'a}bek",
title="Approximate counting in bounded arithmetic",
journal = "Journal of Symbolic Logic",
year = 2007, 
volume=72,
number=3,
pages = "959--993"
}


@ARTICLE{AKS04,
                  AUTHOR = "M. Agrawal and N. Kayal and N. Saxena",
                  TITLE = "{PRIMES} is in {P}",
                  JOURNAL = "Annals of Mathematics",
                  VOLUME = "160",
                  NUMBER = "2",
                  PAGES = "781--793",
                  YEAR = "2004"}

@ARTICLE{KKK07,
AUTHOR = "M. Koucky and  V. Kabanets and  A. Kolokolova",
TITLE = "Expanders made elementary: a combinatorial analysis of an expander construction",
JOURNAL = eccc,
VOLUME = "submitted",
YEAR = "2007"}
@ARTICLE{RV05,
AUTHOR = "E. Rozenman and S. Vadhan",
TITLE = "Derandomized Squaring of Graphs",
JOURNAL = eccc,
VOLUME = "TR05-092",
YEAR = "2005"}



@UNPUBLISHED{Coo07,
AUTHOR = "S.A. Cook",             
TITLE = {{Bounded reverse mathematics}},
NOTE= {Slides for CiE07, http://www.cs.toronto.edu/~sacook/siena.ps},    
YEAR = "2007"}


@inproceedings{AKV04,
author={A. Atserias and  Ph. G. Kolaitis and M. Y. Vardi.},
title = {Constraint Propagation as a Proof System},
booktitle = {10th International Conference on Principles and Practice of Constraint Programming}, 
volume ={3258},
series ={Lecture Notes in Computer Science},
pages = {77--91}, 
publisher = {Springer-Verlag},
year= 2004}

@inproceedings{Din06,
author = {I. Dinur},
title = {The {PCP} theorem by gap amplification},
booktitle = { Proceedings of the Thirty-Eighth Annual ACM Symposium on
  Theory of Computing}, 
pages = {241--250}, 
year = 2006}

@inproceedings{Blu00,
    author = "Achim Blumensath",
    title = "Bounded Arithmetic and Descriptive Complexity",
    booktitle = "{CSL}",
    pages = "232-246",
    year = "2000"}


@inproceedings{KLMT06,
  author    = {Antonina Kolokolova and Yongmei Liu and David Mitchell
		  and Eugenia Ternovska},
  title     =  {Complexity of Expanding a Finite Structure and Related Tasks},
  booktitle = {LCC},
  year      = {2006},
}		  
		  
@inproceedings{Rei05,
  author    = {Omer Reingold},
  title     = {Undirected ST-connectivity in log-space.},
  booktitle = {STOC},
  year      = {2005},
  pages     = {376-385},
  ee        = {http://doi.acm.org/10.1145/1060590.1060647},
}

@article{Rei04,
Author =  "O. Reingold",
title = {{Undirected ST-Connectivity in Log-Space}},
journal = eccc,
volume = "ECCC Report TR04-094",
year = 2004}

@inproceedings{Kol05,
AUTHOR = "A. Kolokolova",
TITLE = "Closure Properties of Weak Systems of Bounded Arithmetic",
booktitle = "Computer Science Logic: 19th International Workshop, CSL
       2005, 14th Annual Conference of the EACSL, Oxford, UK, August 22-25,
       2005. Proceedings", 
series="LNCS",
volume=3634,
year = 2005,
pages="369--383"
}

@PHDTHESIS{Kol04,
AUTHOR = "A. Kolokolova",
TITLE = "Systems of bounded arithmetic from descriptive complexity",
SCHOOL = "University of Toronto",
YEAR = "2004",
MONTH = "October"}


@article{NC04j,
Author =  "Phuong Nguyen and Stephen Cook",
title = {{Theories  for $TC^0$ and other small complexity classes}},
journal = "submitted",
year = 2004}


		  
@ARTICLE{NKC04,
 author = "P. Nguyen and  A. Kolokolova and S. Cook",
 title = {{Two-sorted theories for L, SL, NL and P based on graphs accessibility problems}},
 journal = "{in progress}",
 year = 2004,
 }

@inproceedings{CT04,
Author =  "Stephen Cook and Neil Thapen",
title = {{The strength of replacement in weak arithmetic}},
booktitle = lics04,
pages={256--264},
year = 2004}
		  

@inproceedings{NC04,
Author =  "Phuong Nguyen and Stephen Cook",
title = {{$VTC^0$:  a second-order theory for $TC^0$}},
booktitle = lics04,
pages={378--387},
year = 2004}

@inproceedings{SC02,
Author =  "Michael Soltys  and Stephen Cook",
title = {The Proof Complexity of Linear Algebra},
booktitle = {17th Annual IEEE Symposium on Logic in Computer Science (LICS'02)},
pages= {335--344},
year = 2002}

		  
@book{Lib04,
Author = "L. Libkin",
Title = "Elements of Finite Model Theory",
publisher = springer,
year = "2004"}

@book{HP-book,
Author = "Petr H\'ajek and Pavel Pudl\'ak",
Title = "Metamathematics of first-order arithmetic",
publisher = springer,
year = "1993"}
		  
@misc{DDLW98,
  author = "A. Dawar and K. Doets and S. Lindell and S. Weinstein",
  title = "Elementary properties of finite ranks",
  text = "A. Dawar, K. Doets, S. Lindell, and S. Weinstein. Elementary properties
    of finite ranks. Mathematical Logic Quarterly, 44:349--353, 1998. 107",
  year = "1998",
  url = "citeseer.ist.psu.edu/dawar98elementary.html" }		  
		  
%% ARTICLE{Coo04,
%%  author = "S. Cook",
%%  title = " Theories for complexity classes and their propositional
%% translations",
%%  journal = "{submitted}",
%%  pages = "1--36",
%%  year = 2004,
%%  }

@INCOLLECTION{Cook-quaderni,
 author = "S. Cook",
 title =  "Theories for complexity classes and their propositional
 translations",
 booktitle = "Complexity of computations and proofs",
editor="Jan Krajicek",
 pages = "175--227",
 year = 2003,
publisher="Quaderni di Matematica",
 }


@PHDTHESIS{Ats02,
AUTHOR = "Albert Atserias",
TITLE = "Fixed-point logics, descriptive complexity and random satisfiability",
SCHOOL = "UCSC",
YEAR = "2002"}


@PHDTHESIS{Oja04,
AUTHOR = "Kerry Ojakian",
TITLE = "Combinatorics in bounded arithmetic",
SCHOOL = "CMU",
YEAR = "2004"}

@misc{TS03,
  author = "Neil Thapen And Michael Soltys",
  title = "Weak Theories of Linear Algebra",
  url = "citeseer.ist.psu.edu/632020.html" }		  
		  
@ARTICLE{LP82,
 author = "Harry R. Lewis and Christos H. Papadimiriou",
 title = "Symmetric space-bounded computation",
 journal = "Theoretical Computer Science",
volume=19,		  
 pages = "161--187",
 year = 1982
 }


@ARTICLE{JLL76,
 author = "Neil D. Jones and  Y. Edmund Lien and William T. Laaser",
 title = "New problems complete for nondeterministic log space ",
 journal = "Mathematical Systems Theory",
volume=10,		  
 pages = "1--17",
 year = 1976
 }

		  
@ARTICLE{Val84,
 author = "L.G. Valiant",
 title = "Short Monotone Formulae for the Majority Function ",
 journal = "Journal of Algorithms",
volume=5,		  
 pages = "363--366",
 year = 1984
 }


@ARTICLE{Pat90,
 author = "M. S. Paterson",
 title = "Improved sorting networks with O(logN) depth.",
 journal = "Algorithmica",
volume=5,		  
 pages = "75-92",
 year = 1990
 }
		  
@inproceedings{NT95,
    author = "Noam Nisan and Amnon Ta-Shma",
    title = "Symmetric logspace is closed under complement",
   booktitle={Proc. 27th Ann. ACM Symp. on Theory of Computing (STOC'95)},
    pages = "140--146",
    year = "1995",
    url = "citeseer.ist.psu.edu/article/nisan94symmetric.html" }

	  
@inproceedings{Rei82,
  author={J. H. Reif},
  title={Symmetric complementation},
  booktitle={Proceedings of the 14th ACM Symposium on Theory of Computing},
  organization={ACM SIGACT},
  year={1982},
  pages={201--214}
}
		  
@inproceedings{AKS83,
  author={M. Ajtai and J. Komlos and E. Szemeredi},
  title={{An O(n log n) sorting network}},
  booktitle={Proceedings of the 15th ACM Symposium on Theory of Computing},
  organization={Association for Computing Machinery},
  year={1983},
  pages={1--9}
}

		  

@inproceedings{Joh04,
Author = "Jan Johannsen", 
title = {{ Satisfiability problems complete for deterministic logarithmic space}},
booktitle = stacs04,
year = 2004}


@MASTERSTHESIS{Kol00,
AUTHOR = "Antonina Kolokolova",
TITLE = "{$V$-Horn}: A {H}orn-based Second-Order Theory of Arithmetic",
SCHOOL = "University of Toronto",
YEAR = "2000",
MONTH = "January"}

@PHDTHESIS{Ben62,
AUTHOR = "J. H. Bennet",
TITLE = "On spectra",
SCHOOL = "Princeton University",
YEAR = "1962"}

@inproceedings{CK04,
Author = "S.A. Cook and A. Kolokolova", 
title = {{Bounded arithmetic of NL}}, 		  
booktitle = lics04,
pages = {398-407},
year = 2004}


@article{Tra50,
Author = "B. Trahtenbrot",
title="The Impossibility of an Algorithm for the Decision Problem for Finite Domains", 
journal = "Doklady Academii Nauk SSSR",
volume = 70,
year = 1950, 		  
pages="569--572",
note = "In Russian"}
		  

@article{CK03,
Author = "S.A. Cook and A. Kolokolova", 
title = {{A second-order system for polytime reasoning based on 
Gr\"adel's theorem}}, 
journal = apal,
volume = "124",
year = "2003",
pages ="193--231"}
		  
		  
@inproceedings{CK01,
Author = "S.A. Cook and A. Kolokolova", 
title = {{A second-order system for polynomial-time reasoning based on 
Gr\"adel's theorem}}, 
booktitle = lics01,
pages = "177--186",
year = 2001}



@book{Imm-book,
Author = "N. Immerman",
Title = "Descriptive complexity",
address = "New York",
publisher = springer,
year = "1999"}

@article{Sud78,
 author = {I. H. Sudborough},
 title = {On the Tape Complexity of Deterministic Context-Free Languages},
 journal = {J. ACM},
 volume = {25},
 number = {3},
 year = {1978},
 issn = {0004-5411},
 pages = {405--414},
 doi = {http://doi.acm.org/10.1145/322077.322083},
 publisher = {ACM Press},
 }

@Article{	  Ruz80,
  AUTHOR	= {Ruzzo, Walter L.},
  TITLE		= {Tree-Size Bounded Alternation},
  JOURNAL	= {Journal of Computer and System Science},
  VOLUME	= {21},
  PAGES		= {218--235},
  YEAR		= {1980}
}

@Article{	  Ruz81,
  AUTHOR	= {Ruzzo, Walter L.},
  TITLE		= {On uniform circuit complexity},
  JOURNAL	= {Journal of Computer and System Science},
  VOLUME	= {22},
  PAGES		= {365--383},
  YEAR		= {1981}
}
		  
		 
 @inproceedings{Ven87,
 author = {H. Venkateswaran},
 title = {{Properties that characterize LOGCFL}},
 booktitle = {Proceedings of the nineteenth annual ACM conference on Theory of computing},
 year = {1987},
 isbn = {0-89791-221-7},
 pages = {141--150},
 location = {New York, New York, United States},
 doi = {http://doi.acm.org/10.1145/28395.28411},
 publisher = {ACM Press},
 }
		  

@article{BCDRT89,
 author = {A. Borodin and S. A. Cook and P. W. Dymond and W. L. Ruzzo and M. Tompa},
 title = {Two applications of inductive counting for complementation problems},
 journal = {SIAM J. Comput.},
 volume = {18},
 number = {3},
 year = {1989},
 issn = {0097-5397},
 pages = {559--578},
 publisher = {Society for Industrial and Applied Mathematics},
 }		  
		  
		  
@INPROCEEDINGS{Sch78,		  
Author      = "T. J. Schaefer", 
Title = {{The complexity of satisfiability problems.}}, 
booktitle = stoc78,
pages  = {216--226}, 
year = {1978} }
		  
		  
		  
@ARTICLE{BC92,
 AUTHOR      = "Stephen Bellantoni and Stephen Cook",	
 TITLE       = "A New Recursion-Theoretic Characterization of the Polytime Functions",
 JOURNAL     = compcompl,
 VOLUME      = {2},
 YEAR        = {1992},
 PAGES       = {97--110}
}

@INPROCEEDINGS{Lei87,
title = "Characterization of Complexity Classes in Higher-Order Logic",
author = "Daniel Leivant",
BOOKTITLE   = complexity87,
year = "1987",
pages = "203--217"}

@article{Lei89,
title = "Descriptive Characterizations of Computational Complexity",
author = "Daniel Leivant",
journal = jcss,
volume = "39",
year = "1989",
pages ="51--83"}


		
@INPROCEEDINGS{Lei91,
title = "A foundational delineation of computational feasibility",
author = "Daniel Leivant",
BOOKTITLE   = lics91,
year = "1991",
pages = "2--11"}

@article{Lei94,
title = "A foundational delineation of Poly-time",
author = "Daniel Leivant",
journal = infcomp,
volume = "110",
year = "1994",
pages ="391--420"}
  
		  
@ARTICLE{Gra92,
 AUTHOR      = {E. Gr{\"a}del},	
 TITLE       = {{Capturing Complexity Classes by Fragments of Second Order
                 Logic}},
 JOURNAL     = tcs,
 VOLUME      = {101},
 YEAR        = {1992},
 PAGES       = {35--57}
}

@INPROCEEDINGS{Gra91,
 AUTHOR      = {E. Gr{\"a}del},
 TITLE       = {{The Expressive Power of Second Order Horn Logic}},
 BOOKTITLE   = stacs91,
 PUBLISHER   = {Springer-Verlag},
 SERIES      = {{LNCS}},
 VOLUME      = {480},
 YEAR        = {1991},
 PAGES       = {466--477}
}

		  

@BOOK{GHR,
AUTHOR = "R. Greenlaw and H. J. Hoover and W. L. Ruzzo",
TITLE = "Limits to Parallel Computation",
PUBLISHER = "Oxford University Press",
YEAR = "1995"}
		  
@BOOK{Pap94,
AUTHOR = "C.H. Papadimitriou",
TITLE = "Computational Complexity",
PUBLISHER = "Addison-Wesley",
ADDRESS = "Reading, Massachusetts",
YEAR = "1994"}

@BOOK{Kra95,
AUTHOR = "J. Kraji\v{c}ek",
TITLE = "Bounded Arithmetic, Propositional Logic, and Complexity Theory",
PUBLISHER = "Cambridge University Press",
ADDRESS = "New York, USA",
YEAR = "1995"}
		  

@UNPUBLISHED{CSC2429,
AUTHOR = "S. A. Cook",		  
TITLE = {{CSC 2429S: Proof Complexity and Bounded Arithmetic}},
MONTH = "Spring",
YEAR = "1998-2002",
NOTE= {Course notes, URL: "http://www.cs.toronto.edu/$\sim$sacook/csc2429h"}}		  
		  
@ARTICLE{Zam96,
Author = "D. Zambella",
Title = "Notes on polynomially bounded arithmetic",
Journal = "The Journal of Symbolic Logic",
VOLUME = "61",
Number = "3",
Year = "1996",
Pages = "942--966"}

@ARTICLE{Zam97,
Author = "D. Zambella",
Title = "End extensions of models of linearly bounded arithmetic",
Journal = apal,
VOLUME = "88",
Number = "2-3",
Year = "1997",
Pages = "263--277"}


@article{Fag93,
title = "Finite-model theory -- a personal perspective",
author =  "R. Fagin",
journal = tcs,
volume = "116",
year = "1993",
pages ="3--31"}
		
@incollection{Gur88,
author = "Y. Gurevich",
title = "Logic and the challenge of computer science",
booktitle = "Current trends in theoretical computer science",
publisher = "Computer Science Press",
address = "Rockville, MD",
editor = "E. B{\"o}rger",
pages = "1--57",
year = "1988"}

@Article{BG86,
title = "Henkin quantifiers and complete problems",
author = "A. Blass and Y. Gurevich",
journal = "Annals of Pure and Applied Logic",
volume = "32",
year = "1986",
pages = "1--16"}


@article{BIS90,
Author = "D. M. Barrington and  N. Immerman and H. Straubing", 
title = "On Uniformity Within {$NC^1$}", 
journal = jcss, 
volume = "41",
number = "3",
year =  "1990", 
pages = "274 -- 306"}

@book{CK77,
Author = "C.C. Chang and H.J. Keisler",
Title = "Model theory",
address = "Amsterdam",
publisher = "Elsevier Science Pub. Co.",
year = "1990"}

@Article{KrajicekPT1991,
title={Bounded arithmetic and the polynomial hierarchy},
author={Jan Kraj{\'\i}{\v{c}}ek and Pavel Pudl{\'a}k and Gaisi
Takeuti},
pages={143--153},
journal=apal,
year=1991,
volume=52,
number={1--2}}

@article{Saz80,
Author = "V. Sazonov", 
title = "Polynomial computability and recursivity in finite domains", 
journal = {{Elektronische Informationsverarbeitung und Kybernetik}},
volume = "16",
year =  "1980", 
pages = "319 -- 323"}


@inproceedings{Liv82,
Author = "A.B. Livchak", 
title = "Languages for polynomial-time queries", 
booktitle = {Computer-based modeling and optimization of heat-power and electrochemical objects},
year =  "1982", 
pages = "41"}


@inproceedings{Imm82,
Author = "N. Immerman", 
title = "Relational queries computable in polytime", 
booktitle = "14th ACM Symp.on Theory of Computing, Springer Verlag (Heidelberg, FRG and NewYork NY, USA)-Verlag",
year =  "1982", 
pages = "147 --152"}


@INPROCEEDINGS{Var82,
author = "Moshe Y. Vardi",
title = "The Complexity of Relational Query Language",
booktitle = "14th ACM Symp.on Theory of Computing, Springer Verlag (Heidelberg, FRG and NewYork NY, USA)-Verlag",
year = "1982"}

@article{Imm86,
Author = "N. Immerman", 
title = "Relational queries computable in polytime", 
journal = infcontrol,
volume = "68",
year =  "1986", 
pages = "86 --104"}


@article{Var86,
Author = "M. Vardi", 
title = "Complexity of Relational Query Languages", 
journal = infcontrol,
volume = "68",
year =  "1986", 
pages = "137 --146"}

@inproceedings{Imm83,
author = "N. Immerman",
title = "Languages That Capture Complexity Classes",
booktitle = "15th ACM STOC symposium",
pages = "347--354",
year = "1983"}


@article{Imm87a,
author = "N. Immerman",
title = "Languages That Capture Complexity Classes",
journal = "SIAM Journal of Computing",
volume = "16",
number = "4",
pages = "760--778",
year = "1987"}

@inproceedings {Imm87b,
author = "N. Immerman",
title = "Expressibility as a complexity measure: results and directions",
booktitle=  "Proceedings of the 2nd IEEE Symposium on Structure in Complexity 
Theory", 
pages = "194--202", 
year = "1987" }



@inproceedings{Imm88,
    author = "N. Immerman",
    title = "Nondeterministic Space Is Closed under Complementation",
    booktitle = "{SCT}: Annual Conference on Structure in Complexity Theory",
    year = "1988"}


@article{Imm89a,
author = "Neil Immerman",
title = "Expressibility and parallel complexity",
journal = "SIAM Journal of Computing",
volume = "18",
pages = "625--638",
year = "1989"}
		  
		  
@inproceedings{AV91,
  author = "S. Abiteboul and V. Vianu",
  booktitle = "Proc. 23rd  ACM Symp. on the Theory of Computing",
  title = "Generic computation and its complexity",
  pages= "209--219",
  year = "1991" }

@INPROCEEDINGS{Cob65,           
AUTHOR = "A. Cobham",
TITLE = "The Intrinsic computational difficulty of functions",    
BOOKTITLE = "Logic, Methodology and Philosophy of Science",
EDITOR = "Y. Bar-Hillel",
PAGES = "24--30",
YEAR = "1965",
PUBLISHER = "North-Holland",  
ADDRESS = "Amsterdam"}

@article{Par71,
Author = "R. Parikh", 
title = "Existence and feasibility of arithmetic", 
journal = jsl,
volume = "36",
year =  "1971", 
pages = "494 --508"}

@INPROCEEDINGS{Coo75,
Author = "S. A. Cook", 
title = "Feasibly constructive proofs and the propositional calculus", 
booktitle=stoc75,
year =  "1975", 
pages = "83 --97"}

@book{Bus86,
Author = "S. Buss",
Title = "Bounded Arithmetic",
address = "Naples",
publisher = "Bibliopolis",
year = "1986"}

@UNPUBLISHED{Coo99,
AUTHOR = "S. A. Cook",		  
TITLE = {{Review}},
NOTE= {To appear in JSL},		  
YEAR = "1999"}	

@INCOLLECTION{Raz93,
AUTHOR = "A. Razborov",
TITLE = "An equivalence between second-order bounded domain bounded
arithmetic and first-order bounded arithmetic",
BOOKTITLE = "Arithmetic, proof theory and computational complexity",
EDITOR = "P. Clote and J. Kraji\v{c}ek",
PAGES = "247--277",
YEAR = "1993",
PUBLISHER = "Clarendon Press",  
ADDRESS = "Oxford"}

@INCOLLECTION{Tak93,
AUTHOR = "G. Takeuti",
TITLE = "{RSUV} isomorphism",
BOOKTITLE = "Arithmetic, proof theory and computational complexity",
EDITOR = "P. Clote and J. Kraji\v{c}ek",
PAGES = "364--386",
YEAR = "1993",
PUBLISHER = "Clarendon Press",  
ADDRESS = "Oxford"}

@article{Fag74,
title = "Generalized first-order spectra and polynomial-time recognizable sets",
author =  "R. Fagin",
journal ="Complexity of computation, SIAM-AMC proceedings",
volume = "7",
year = "1974",
pages ="43--73"}

@article{Sto77,
title = "The polynomial-time hierarchy",
author =  "L. J. Stockmeyer",
journal =tcs,
volume = "3",
year = "1977",
pages ="1--22"}

@article{FSV95,
title = "On monadic {NP} vs.\ monadic co-{NP}",
author =  "R. Fagin and  L. J. Stockmeyer and  M.Y. Vardi",
journal =infcomp,
volume = "120",
number = "1",
year = "1995",
pages ="78--92"}  

@INPROCEEDINGS{PW81a,
AUTHOR = "J. Paris and A.J. Wilkie",
TITLE = "{$\Delta_0$} sets and induction",
BOOKTITLE = "Proceedings of the Jadwisin Logic Conference",
publisher = "Leeds University Press",
PAGES = "237--48",
YEAR = "1981"}

@article{PW81b,
AUTHOR = "J. Paris and A.J. Wilkie",
title = "Models of arithmetic and rudimentary sets",
journal = "Bull. Soc. Mathem. Belg., Ser. B",
volume = "33",
year = "1981",
pages = "157 -- 69"}

@article{KPT91,
author = "J. Kraji\v{c}ek and P. Pudl\'{a}k and G. Takeuti",
title = "Bounded arithmetic and the polynomial time hierarchy",
journal = apal, 
volume = "52",
year = "1991",
pages = "143--153"}

@article{Bus95,
author = "S. Buss",
title = "Relating the bounded arithmetic and  polynomial time hierarchies",
journal = apal, 
volume = "75",
year = "1995",
pages = "67--77"}

@article{Bus90,
author = "S. Buss",
title = "Axiomatizations and Conservation Results for Fragments of
Bounded Arithmetic",
journal = "Contemporary Mathematics",
volume = "106",
year = "1990",
pages = "57--84"}

@book{Sch98,
author = {U. Sch\"{o}ning and R. Pruim},
title = "Gems of theoretical computer science",
publisher = "Springer",
address = "Berlin",
year = "1998"}

@article{CU93,
title = "Functional interpretations of feasibly constructive arithmetic",
author = "S. A. Cook and Alasdair Urquhart", 
journal = apal, 
volume = "63",
number = "2",
year = "1993",
pages = "103 -- 200" }

@article{Coo98,
author = "S. A. Cook",
title = "Relating the provable collapse of {$P$} to {$NC^1$} and the
power of logical theories.",
journal = "DIMACS series in Discrete mathematics and theoretical
computer science",
volume = "39",
year = "1998",
pages = "73--91"}

@article{CT92,
title = "Bounded arithmetic for {NC, ALOGTIME, L and NL}",
author = "P. Clote and G. Takeuti", 
journal = apal, 
volume = "56",
year = "1992",
pages = "73 -- 117" }

@INCOLLECTION{CT95,
title = "First order bounded arithmetic and small boolean circuit complexity 
classes",
author = "P. Clote and G. Takeuti", 
booktitle = "Feasible Mathematics", 
editors =  "P. Clote and J. Remmel",
volume = "II",
year = "1995",
publisher = "Birkh�user Inc."}

@INPROCEEDINGS{CT86,
title = "Exponential time and bounded arithmetic",
author = "P. Clote and G. Takeuti", 
booktitle = complexity86, 
publisher = springer,
year = "1986",
pages = "125 -- 143" }

@BOOK{EF95,
AUTHOR = "H.-D. Ebbinghaus and J. Flum",
TITLE = "Finite model theory",
PUBLISHER = springer,
YEAR = "1995"}

@INPROCEEDINGS{CFI89,
author = "J. Cai and M. Furer and N. Immerman",
title = "An optimal lower bound on the number of variables for 
graph identification", 
booktitle =  "Proceedings of 30th IEEE Symposium on FOCS", 
pages = "612--617.",
year = "1989" }

@article{GLS01,		  
author = "Georg Gottlob and  Nicola Leone and  Francesco Scarcello",
title = "The complexity of acyclic conjunctive queries.",
journal = "JACM",
volume = "48",
number="3",
year = "2001",
pages = "431--498"}
		  
@INPROCEEDINGS{BH88,
title = "On truth-table reducibility to SAT and the difference
		  hierarchy over NP",
author = "S.R. Buss and L. Hay", 
booktitle = complexity88, 
publisher = ieee,
year = "1988",
pages = "224 -- 233" }

@ARTICLE{Sze88,
AUTHOR = "R. Szelepcs{\'{e}}nyi",
TITLE = "The method of forced enumeration for nondeterministic automata",
JOURNAL = "Acta Informatica",
VOLUME = "26",
YEAR = "1988",
PAGES = "279--284"}


@ARTICLE{Kro67,
AUTHOR = "M. R. Krom",
TITLE = " The decision problem for a class of first-order formulas in which all disjunctions are
		  binary",
JOURNAL = "Zeitschrift {f\"ur} Mathematische Logik und Grundlagen der Mathematik",
VOLUME = "13",
NUMBER= "1",		  
YEAR = "1967",
PAGES = "15--20"}


